@ARTICLE{extracting_skeletons_distancemaps,
    AUTHOR = "Sukmoon Chang",
    TITLE = "Extracting {S}keletons from {D}istance {M}aps",
    JOURNAL = "International Journal of Computer Science and Network Security",
    VOLUME = "7",
    YEAR = "2007"}